% For style examples, see e.g. https://verbosus.com/bibtex-style-examples.html                    or                    https://www.economics.utoronto.ca/osborne/latex/BIBTEX.HTM

@book
{
    Sakurai,
    AUTHOR = {Sakurai, J. J. and Napolitano, J.},
     TITLE = {Modern Quantum Mechanics},
 PUBLISHER = {Cambridge University Press},
      YEAR = {2017},
      EDITION = {2},
      ISBN = {978-1-108-42241-3 Hardback},
      ADDRESS = {Cambridge, United Kingdom}
}